@book{young1998fundamentals,
  title={Fundamentals of image processing},
  author={Young, Ian T and Gerbrands, Jan J and Van Vliet, Lucas J},
  year={1998},
  publisher={Delft University of Technology Delft, The Netherlands}
}
@book{gonzalez2004digital,
  title={Digital image processing using {MATLAB}},
  author={Gonzalez, Rafael C and Woods, Richard Eugene and Eddins, Steven L},
  year={2004},
  publisher={Pearson Education India}
}
@book{richardson2011h,
  title={The H. 264 advanced video compression standard},
  author={Richardson, Iain E},
  year={2011},
  publisher={John Wiley \& Sons}
}
@misc{acharya2002integrated,
  title={Integrated color interpolation and color space conversion algorithm from 8-bit bayer pattern {RGB} color space to 12-bit {YCrCb}s color space},
  author={Acharya, T.},
  url={https://www.google.com/patents/US6392699},
  year={2002},
  month=may # "~21",
  publisher={Google Patents},
  note={US Patent 6,392,699}
}
@article{salazar2007complexity,
  title={A complexity scalable universal {DCT} domain image resizing algorithm},
  author={Salazar, Carlos and Tran, Trac D},
  journal={Circuits and Systems for Video Technology, IEEE Transactions on},
  volume={17},
  number={4},
  pages={495--499},
  year={2007},
  publisher={IEEE}
}

@article{chang1995manipulation,
  title={Manipulation and compositing of {MC-DCT} compressed video},
  author={Chang, Shih-Fu and Messerschmitt, David G.},
  journal={Selected Areas in Communications, IEEE Journal on},
  volume={13},
  number={1},
  pages={1--11},
  year={1995},
  publisher={IEEE}
}
@inproceedings{wang2010adaptive,
  title={Adaptive down-sampling video coding},
  author={Wang, Ren-Jie and Chien, Ming-Chen and Chang, Pao-Chi},
  booktitle={IS\&T/SPIE Electronic Imaging},
  pages={75420P--75420P},
  year={2010},
  organization={International Society for Optics and Photonics}
}
@article{dugad2001fast,
  title={A fast scheme for image size change in the compressed domain},
  author={Dugad, Rakesh and Ahuja, Narendra},
  journal={Circuits and Systems for Video Technology, IEEE Transactions on},
  volume={11},
  number={4},
  pages={461--474},
  year={2001},
  publisher={IEEE}
}
@article{mukherjee2002image,
  title={Image resizing in the compressed domain using subband {DCT}},
  author={Mukherjee, Jayanta and Mitra, Sanjit K},
  journal={Circuits and Systems for Video Technology, IEEE Transactions on},
  volume={12},
  number={7},
  pages={620--627},
  year={2002},
  publisher={IEEE}
}
@inproceedings{patil2006fast2,
  title={A Fast Arbitrary Down-Sizing Algorithm for Video Transcoding},
  author={Patil, Vasant and Kumar, Rajeev and Mukherjee, Jayanta and Prasad, SS},
  booktitle={Image Processing, 2006 IEEE International Conference on},
  pages={857--860},
  year={2006},
  organization={IEEE}
}
@article{park2003m,
  title={L/M-fold image resizing in {block-DCT} domain using symmetric convolution},
  author={Park, HyunWook and Park, YoungSeo and Oh, Seung-Kyun},
  journal={Image Processing, IEEE Transactions on},
  volume={12},
  number={9},
  pages={1016--1034},
  year={2003},
  publisher={IEEE}
}

@inproceedings{martucci1995image,
  title={Image resizing in the discrete cosine transform domain},
  author={Martucci, Stephen A},
  booktitle={Image Processing, 1995. Proceedings., International Conference on},
  volume={2},
  pages={244--247},
  year={1995},
  organization={IEEE}
}
@book{marques1999processamento,
  title={Processamento digital de imagens},
  author={Marques Filho, Og{\^e} and Neto, Hugo Vieira},
  year={1999},
  publisher={Brasport}
}
@inproceedings{wang2008jpeg,
  title={JPEG-based image coding algorithm at low bit rates with down-sampling and interpolation},
  author={Wang, Cheng-You and Hou, Zheng-Xin and He, Kai and Yang, Ai-Ping},
  booktitle={Wireless Communications, Networking and Mobile Computing, 2008. WiCOM'08. 4th International Conference on},
  pages={1--5},
  year={2008},
  organization={IEEE}
}
@misc{T.81,
  added-at = {2007-01-19T01:52:31.000+0100},
  author = {ITU},
  biburl = {http://www.bibsonomy.org/bibtex/2bc09a04c2a460fda2d71882a1c890d5d/timo},
  interhash = {93517063df4893f8d7f24c7e53e7d78f},
  intrahash = {bc09a04c2a460fda2d71882a1c890d5d},
  keywords = {JPEG},
  timestamp = {2007-01-19T01:52:31.000+0100},
  title = {ISO/IEC 10918-1 : 1993(E)    CCIT Recommendation T.81},
  url = {http://www.w3.org/Graphics/JPEG/itu-t81.pdf},
  year = 1993
}

@article{wallace1991jpeg,
  title={The {JPEG} still picture compression standard},
  author={Wallace, Gregory K},
  journal={Communications of the ACM},
  volume={34},
  number={4},
  pages={30--44},
  year={1991},
  publisher={AcM}
}
@misc{T.247,
  added-at = {2007-01-19T01:52:31.000+0100},
  author = {ITU},
   keywords = {JPEG},
  timestamp = {2007-01-19T01:52:31.000+0100},
  title = {SERIES J: CABLE NETWORKS AND TRANSMISSION OF TELEVISION, SOUND PROGRAMME AND OTHER MULTIMEDIA SIGNALS - Measurement of the quality of service},
  url = {https://www.itu.int/rec/T-REC-J.247/en},
  year = 2008
}
@article{forooshani2013survey,
  title={A survey of wireless communications and propagation modeling in underground mines},
  author={Forooshani, Arghavan Emami and Bashir, Saba and Michelson, David G and Noghanian, Sima},
  journal={Communications Surveys \& Tutorials, IEEE},
  volume={15},
  number={4},
  pages={1524--1545},
  year={2013},
  publisher={IEEE}
}
@inproceedings{barkand2006through,
  title={Through-the-earth, two-way, mine emergency, voice communication systems},
  author={Barkand, Thomas D and Damiano, Nicholas W and Shumaker, WA},
  booktitle={Industry Applications Conference, 2006. 41st IAS Annual Meeting. Conference Record of the 2006 IEEE},
  volume={2},
  pages={955--958},
  year={2006},
  organization={IEEE}
}
@article{raab1995signal,
  title={Signal processing for through-the-earth radio communication},
  author={Raab, Frederick H and Joughin, Ian R},
  journal={Communications, IEEE Transactions on},
  volume={43},
  number={12},
  pages={2995--3003},
  year={1995},
  publisher={IEEE}
}
@article{wheeler1961radio,
  title={Radio wave propagation in the earth's crust},
  author={Wheeler, Harold A},
  journal={Journal of Research of the National Bureau of Standards},
  volume={65},
  number={2},
  pages={189--191},
  year={1961}
}
@article{bandyopadhyay2010wireless,
  title={Wireless communication in underground mines},
  author={Bandyopadhyay, LK and Chaulya, SK and Mishra, PK},
  journal={RFID-Based Sensor Networking},
  year={2010},
  publisher={Springer}
}
@article{scharstein2002taxonomy,
  title={A taxonomy and evaluation of dense two-frame stereo correspondence algorithms},
  author={Scharstein, Daniel and Szeliski, Richard},
  journal={International journal of computer vision},
  volume={47},
  number={1-3},
  pages={7--42},
  year={2002},
  publisher={Springer}
}
@article{garcia2013tecnicas,
  title={T{\'e}cnicas de super-resolu{\c{c}}{\~a}o para sistemas de video de m{\'u}ltiplas vistas em resolu{\c{c}}{\~a}o mista},
  author={Garcia, Diogo Caetano},
  year={2013}
}
@article{ukrit2011survey,
  title={A survey on lossless compression for medical images},
  author={Ukrit, M Ferni and Umamageswari, A and Suresh, Dr GR},
  journal={International Journal of Computer Applications},
  volume={31},
  number={8},
  pages={47--50},
  year={2011},
  publisher={Citeseer}
}
@book{sayood2012introduction,
  title={Introduction to data compression},
  author={Sayood, Khalid},
  year={2012},
  publisher={Newnes}
}
@article{shannon2001mathematical,
  title={A mathematical theory of communication},
  author={Shannon, Claude Elwood},
  journal={ACM SIGMOBILE Mobile Computing and Communications Review},
  volume={5},
  number={1},
  pages={3--55},
  year={1948},
  publisher={ACM}
}
@phdthesis{da2007estudo,
  title={Um Estudo Sobre o Padr{\~a}o H. 264/AVC de Compress{\~a}o de V{\'\i}deo},
  author={da Silva, Andr{\'e} Marcelo Coelho},
  year={2007},
  school={UNIVERSIDADE CAT{\'O}LICA DE PELOTAS}
}

@article{khayam2003discrete,
  title={The discrete cosine transform ({DCT}): theory and application},
  author={Khayam, Syed Ali},
  journal={Michigan State University},
  year={2003}
}
@article{vergutz2013combinaccao,
  title={Uma combina{\c{c}}{\~a}o entre os crit{\'e}rios objetivo e subjetivo na classifica{\c{c}}{\~a}o de imagens mamogr{\'a}ficas comprimidas pelo m{\'e}todo fractal},
  author={Verg{\"u}tz, St{\'e}phany},
  year={2013}
}
@phdthesis{meixedo2008metodologias,
  title={Metodologias de projecto de baixo consumo para implementa{\c{c}}oes em {FPGA}},
  author={Meixedo, Joao Miguel Ramos},
  year={2008},
  school={Universidade do Porto}
}
@book{diniz2010digital,
 title={Digital signal processing: system
analysis and design},
 author={Diniz, Paulo SR and Da Silva, Eduardo
AB and Netto, Sergio L},
 year={2010},
 publisher={Cambridge University Press}
}
@article{baker2002limits,
  title={Limits on super-resolution and how to break them},
  author={Baker, Simon and Kanade, Tekeo},
  journal={Pattern Analysis and Machine Intelligence, IEEE Transactions on},
  volume={24},
  number={9},
  pages={1167--1183},
  year={2002},
  publisher={IEEE}
}

@article{park2003super,
  title={Super-resolution image reconstruction: a technical overview},
  author={Park, Sung Cheol and Park, Min Kyu and Kang, Moon Gi},
  journal={Signal Processing Magazine, IEEE},
  volume={20},
  number={3},
  pages={21--36},
  year={2003},
  publisher={IEEE}
}
@article{farsiu2004advances,
  title={Advances and challenges in super-resolution},
  author={Farsiu, Sina and Robinson, Dirk and Elad, Michael and Milanfar, Peyman},
  journal={International Journal of Imaging Systems and Technology},
  volume={14},
  number={2},
  pages={47--57},
  year={2004},
  publisher={Wiley Online Library}
}
@article{figueira2013super,
title={Super-resolu{\c{c}}{\~a}o: t{\'e}cnicas
existentes e possibilidade de emprego {\`a}s imagens do vant vt-15},
author={Figueira, Nina M and OLIVEIRA,
Leonardo C de},
journal={Revista Militar de Ci{\^e}ncia e
Tecnologia},
volume={30},
pages={3--19},
year={2013}
}
@book{milanfar2010super,
title={Super-resolution imaging},
author={Milanfar, Peyman},
year={2010},
publisher={CRC Press}
}
@article{freeman2002example,
 title={Example-based super-resolution},
 author={Freeman, William T and Jones, Thouis R and Pasztor, Egon C},
 journal={Computer Graphics and Applications, IEEE},
 volume={22},
 number={2},
 pages={56--65},
 year={2002},
 publisher={IEEE}
}
@article{mining2012,
 title={The Digital Image Acquisition of
High-Resolution by Enhancement the Multiple Images},
 author={KANG, MJ and Um, Dae-Yong and Oh,
Won-Jin},
 journal={ASPRS-Proceedings-Launching the
Geospational Information Age, Washington},
 year={2000}
}
@article{scuri1999fundamentos,
  title={Fundamentos da imagem digital},
  author={Scuri, Antonio Esca{\~n}o},
  journal={Pontif{\'\i}cia Universidade Cat{\'o}lica do Rio de Janeiro},
  year={1999}
}
@article{kang2000digital,
  title={The Digital Image Acquisition of High-Resolution by Enhancement the Multiple Images},
  author={KANG, MJ and Um, Dae-Yong and Oh, Won-Jin},
  journal={ASPRS-Proceedings-Launching the Geospational Information Age, Washington},
  year={2000}
}
@article{itu16601,
  title={601-5: Studio Encoding Parameters of Digital Television for Standard 4: 3 and Wide},
  author={ITU-R, Recommendation BT},
  journal={Screen},
  volume={16},
  number={9}
}
@article{silva2009super,
  title={Super-resolu{\c{c}}{\~a}o utilizando quadros chave em sequ{\^e}ncias de v{\'\i}deo de resolu{\c{c}}{\~a}o mista},
  author={Silva, Fernanda Brandi da},
  year={2009}
}
@misc{rezio2013superresoluccao,
  title={Superresolu{\c{c}}{\~a}o de imagens baseada em aprendizado utilizando descritores de caracter{\'\i}sticas},
  author={R{\'e}zio, Ana Carolina Correia and Schwartz, William Robson and Pedrini, H{\'e}lio},
  year={2013}
}
@article{hung2013realce,
  title={Realce de v{\'\i}deo para seq{\"u}{\^e}ncias de qualidade e resolu{\c{c}}{\~a}o vari{\'a}veis},
  author={Hung, Edson Mintsu},
  year={2013}
}
@article{bjontegaard2001calcuation,
  title={Calcuation of average {PSNR} differences between RD-curves},
  author={Bjontegaard, Gisle},
  journal={Doc. VCEG-M33 ITU-T Q6/16, Austin, TX, USA, 2-4 April 2001},
  year={2001}
}

@manual{Steane97,
   author={Nelson Bennet},
   title={Mining Market},
   url={http://www.mining.com/market-data/},
   day=17,
   month=sep,
   year=2012
}
@manual{imagensTeste,
   author={Mark Maimone},
   title={The Computer Vision Homepage},
   url={http://www.cs.cmu.edu/~cil/v-images.html},
   day=12,
   month=sep,
   year=2014
}
@manual{raspberryOrg,
   author={Raspberry {Pi} Foundation},
   title={Raspberry {PI}},
   url={https://www.raspberrypi.org/},
   day=20,
   month=nov,
   year=2015
}
@manual{element14,
   author={Element14 Community},
   title={Raspberry {PI} 2 Model B {GPIO} Header},
   url={http://www.element14.com/},
   day=20,
   month=nov,
   year=2015
}
@manual{powertop,
   author={Intel Corporation},
   title={POWERTOP USER'S GUIDE},
   url={https://01.org/powertop},
   day=20,	
   month=nov,
   year=2015
}
@manual{repo,
   author={André M. R. Dantas},
   title={Repositório da Sistema de Codificação de Imagens em Baixo Consumo},
   url={https://github.com/andre8359/CodigosTCC},
   day=20,
   month=nov,
   year=2015
}
@manual{link,
   author={Vital Alert Communication, Inc.},
   title={Vital Alert Communication - Mining Communication Systems},
   url={http://www.mining-technology.com/contractors/communications/vital-alert-communication/},
   day=20,
   month=nov,
   year=2015
}